<?xml version="1.0" encoding="UTF-8"?>
<collection xmlns:xsi="http://www.w3.org/2001/XMLSchema-instance" xsi:schemaLocation="http://www.loc.gov/MARC21/slim http://www.loc.gov/standards/marcxml/schema/MARC21slim.xsd" xmlns="http://www.loc.gov/MARC21/slim">
<record>
  <leader>00772cam a2200217 u 4500</leader>
  <controlfield tag="001">648189</controlfield>
  <controlfield tag="003">NNC</controlfield>
  <controlfield tag="005">20121017230108.0</controlfield>
  <controlfield tag="008">880511s1871    ua            000 0 ara d</controlfield>
  <datafield tag="035" ind1=" " ind2=" ">
    <subfield code="a">(OCoLC)264966791</subfield>
  </datafield>
  <datafield tag="035" ind1=" " ind2=" ">
    <subfield code="a">(OCoLC)ocn264966791</subfield>
  </datafield>
  <datafield tag="035" ind1=" " ind2=" ">
    <subfield code="a">(CStRLIN)NYCG88-B33751</subfield>
  </datafield>
  <datafield tag="035" ind1=" " ind2=" ">
    <subfield code="9">ACV5300CU</subfield>
  </datafield>
  <datafield tag="035" ind1=" " ind2=" ">
    <subfield code="a">(NNC)648189</subfield>
  </datafield>
  <datafield tag="100" ind1="1" ind2=" ">
    <subfield code="a">ʻĀmilī, Bahāʼ al-Dīn Muḥammad ibn Ḥusayn,</subfield>
    <subfield code="d">1547-1621.</subfield>
  </datafield>
  <datafield tag="240" ind1="1" ind2="0">
    <subfield code="a">Kashkūl</subfield>
  </datafield>
  <datafield tag="245" ind1="1" ind2="0">
    <subfield code="a">Kitab al-Kashkūl /</subfield>
    <subfield code="c">li-Muḥammad Bahaʾ al-Din ʻĀmilī.</subfield>
  </datafield>
  <datafield tag="260" ind1=" " ind2=" ">
    <subfield code="a">[Misr] :</subfield>
    <subfield code="b">al-Matbaʻah al-Kubra al-Ibrahimiyah,</subfield>
    <subfield code="c">1288 [1871]</subfield>
  </datafield>
  <datafield tag="300" ind1=" " ind2=" ">
    <subfield code="a">435 p. ;</subfield>
    <subfield code="c">27 cm.</subfield>
  </datafield>
  <datafield tag="500" ind1=" " ind2=" ">
    <subfield code="a">Omits the Persian parts of the work included in the Teheran editions.</subfield>
  </datafield>
  <datafield tag="650" ind1=" " ind2="0">
    <subfield code="a">Encyclopedias and dictionaries, Arabic</subfield>
    <subfield code="v">Early works to 1800.</subfield>
  </datafield>
  <datafield tag="955" ind1=" " ind2=" ">
    <subfield code="b">0063219620</subfield>
    <subfield code="d">glx</subfield>
    <subfield code="e">AG104 .A54 1871</subfield>
  </datafield>
</record>
</collection>